

@article{srinivasan1995xdr,
  title={XDR: External data representation standard},
  author={Srinivasan, Raj},
  year={1995}
}
